@www{kawazaki:2005,
    title= {The 10/20/30 Rule of PowerPoint},
    author = {Guy Kawazaki},
    date = {2005-12-30},
    urldate = {2021-11-02},
    url = {https://guykawasaki.com/the_102030_rule/}
}